<?xml version="1.0" encoding="UTF-8"?><record xmlns="http://www.loc.gov/MARC21/slim" xmlns:cinclude="http://apache.org/cocoon/include/1.0" xmlns:zs="http://www.loc.gov/zing/srw/">
  <leader>00519cz  a2200145n  4500</leader>
  <controlfield tag="001">n 2005058201</controlfield>
  <controlfield tag="003">DLC</controlfield>
  <controlfield tag="005">20090810074958.0</controlfield>
  <controlfield tag="008">050808n| acannaabn          |n aaa      </controlfield>
  <datafield tag="010" ind1=" " ind2=" ">
    <subfield code="a">n 2005058201</subfield>
  </datafield>
  <datafield tag="035" ind1=" " ind2=" ">
    <subfield code="a">(OCoLC)oca06701739</subfield>
  </datafield>
  <datafield tag="040" ind1=" " ind2=" ">
    <subfield code="a">DLC</subfield>
    <subfield code="b">eng</subfield>
    <subfield code="c">DLC</subfield>
    <subfield code="d">OCoLC</subfield>
  </datafield>
  <datafield tag="100" ind1="1" ind2=" ">
    <subfield code="a">Williams, Grace,</subfield>
    <subfield code="d">1906-1977.</subfield>
    <subfield code="t">Carillons</subfield>
  </datafield>
  <datafield tag="670" ind1=" " ind2=" ">
    <subfield code="a">Williams, Grace. Fantasia on Welsh nursery tunes, p1974:</subfield>
    <subfield code="b">label (Carillons) container (Carillons for oboe and orchestra)</subfield>
  </datafield>
  <datafield tag="670" ind1=" " ind2=" ">
    <subfield code="a">New Grove online, Aug. 8, 2005</subfield>
    <subfield code="b">(Carillons, ob, orch, 1965)</subfield>
  </datafield>
</record>